<?xml version="1.0" encoding="UTF-8"?><record xmlns="http://www.loc.gov/MARC21/slim" xmlns:cinclude="http://apache.org/cocoon/include/1.0" xmlns:zs="http://www.loc.gov/zing/srw/">
  <leader>01072nz  a2200205n  4500</leader>
  <controlfield tag="001">no2014098741</controlfield>
  <controlfield tag="003">DLC</controlfield>
  <controlfield tag="005">20140726073552.0</controlfield>
  <controlfield tag="008">140725n| azannaabn          |n aaa     c</controlfield>
  <datafield tag="010" ind1=" " ind2=" ">
    <subfield code="a">no2014098741</subfield>
  </datafield>
  <datafield tag="035" ind1=" " ind2=" ">
    <subfield code="a">(OCoLC)oca09918332</subfield>
  </datafield>
  <datafield tag="040" ind1=" " ind2=" ">
    <subfield code="a">PU-AML</subfield>
    <subfield code="b">eng</subfield>
    <subfield code="e">rda</subfield>
    <subfield code="c">PU-AML</subfield>
  </datafield>
  <datafield tag="046" ind1=" " ind2=" ">
    <subfield code="f">19680603</subfield>
  </datafield>
  <datafield tag="100" ind1="1" ind2=" ">
    <subfield code="a">Vinje, Jakob,</subfield>
    <subfield code="d">1968-</subfield>
  </datafield>
  <datafield tag="370" ind1=" " ind2=" ">
    <subfield code="a">Bruchsal (Germany)</subfield>
    <subfield code="2">naf</subfield>
  </datafield>
  <datafield tag="372" ind1=" " ind2=" ">
    <subfield code="a">Music</subfield>
    <subfield code="a">Composition (Music)</subfield>
    <subfield code="a">Arts--Management</subfield>
    <subfield code="2">lcsh</subfield>
  </datafield>
  <datafield tag="374" ind1=" " ind2=" ">
    <subfield code="a">Composers</subfield>
    <subfield code="a">Pianists</subfield>
    <subfield code="a">Arts administrators</subfield>
    <subfield code="2">lcsh</subfield>
  </datafield>
  <datafield tag="375" ind1=" " ind2=" ">
    <subfield code="a">male</subfield>
  </datafield>
  <datafield tag="670" ind1=" " ind2=" ">
    <subfield code="a">Vinje, Jakob. Rungholt, 2011:</subfield>
    <subfield code="b">label (Jakob Vinje)</subfield>
  </datafield>
  <datafield tag="670" ind1=" " ind2=" ">
    <subfield code="a">Klassika WWW site, May 19, 2014:</subfield>
    <subfield code="b">Personal data (Jakob Vinje, born 3 June 1968, Bruchsal, Germany) vita (1988-1993, studied historical musicology, systematic musicology, cultural management; 1993-1994, managing director of the Opernfestspiele Zwingenberg; 1993-2002, director of the chamber music series "Landpartie"; 1993-1998, accompanist, Hamburg Ballett, John Neumeier; Cats, Phantom of the Opera, in Hamburg; 1996-1998, teacher, Stella Academy; since 1998, freelance composer)</subfield>
  </datafield>
</record>